%YAML 1.1
%TAG !u! tag:unity3d.com,2011:
--- !u!1 &3908969941225523013
GameObject:
  m_ObjectHideFlags: 0
  m_CorrespondingSourceObject: {fileID: 0}
  m_PrefabInstance: {fileID: 0}
  m_PrefabAsset: {fileID: 0}
  serializedVersion: 6
  m_Component:
  - component: {fileID: 3774079891448114893}
  - component: {fileID: 2223910853794709714}
  - component: {fileID: 3533377936850945961}
  - component: {fileID: 8989374215054942971}
  m_Layer: 5
  m_Name: Image
  m_TagString: Untagged
  m_Icon: {fileID: 0}
  m_NavMeshLayer: 0
  m_StaticEditorFlags: 0
  m_IsActive: 0
--- !u!224 &3774079891448114893
RectTransform:
  m_ObjectHideFlags: 0
  m_CorrespondingSourceObject: {fileID: 0}
  m_PrefabInstance: {fileID: 0}
  m_PrefabAsset: {fileID: 0}
  m_GameObject: {fileID: 3908969941225523013}
  m_LocalRotation: {x: -0, y: -0, z: -0, w: 1}
  m_LocalPosition: {x: 0, y: 0, z: 0}
  m_LocalScale: {x: 1, y: -1, z: 1}
  m_ConstrainProportionsScale: 0
  m_Children:
  - {fileID: 9060583345439892493}
  m_Father: {fileID: 3352725364879591570}
  m_LocalEulerAnglesHint: {x: 0, y: 0, z: 0}
  m_AnchorMin: {x: 0, y: 1}
  m_AnchorMax: {x: 0, y: 1}
  m_AnchoredPosition: {x: 0, y: 0}
  m_SizeDelta: {x: 1580.9208, y: 436.6524}
  m_Pivot: {x: 0, y: 1}
--- !u!222 &2223910853794709714
CanvasRenderer:
  m_ObjectHideFlags: 0
  m_CorrespondingSourceObject: {fileID: 0}
  m_PrefabInstance: {fileID: 0}
  m_PrefabAsset: {fileID: 0}
  m_GameObject: {fileID: 3908969941225523013}
  m_CullTransparentMesh: 1
--- !u!114 &3533377936850945961
MonoBehaviour:
  m_ObjectHideFlags: 0
  m_CorrespondingSourceObject: {fileID: 0}
  m_PrefabInstance: {fileID: 0}
  m_PrefabAsset: {fileID: 0}
  m_GameObject: {fileID: 3908969941225523013}
  m_Enabled: 1
  m_EditorHideFlags: 0
  m_Script: {fileID: 11500000, guid: fe87c0e1cc204ed48ad3b37840f39efc, type: 3}
  m_Name: 
  m_EditorClassIdentifier: 
  m_Material: {fileID: 0}
  m_Color: {r: 1, g: 1, b: 1, a: 1}
  m_RaycastTarget: 0
  m_RaycastPadding: {x: 0, y: 0, z: 0, w: 0}
  m_Maskable: 0
  m_OnCullStateChanged:
    m_PersistentCalls:
      m_Calls: []
  m_Sprite: {fileID: 21300000, guid: d427b60ee5369ce4d888b5eae531dca3, type: 3}
  m_Type: 0
  m_PreserveAspect: 1
  m_FillCenter: 1
  m_FillMethod: 4
  m_FillAmount: 1
  m_FillClockwise: 1
  m_FillOrigin: 0
  m_UseSpriteMesh: 0
  m_PixelsPerUnitMultiplier: 1
--- !u!223 &8989374215054942971
Canvas:
  m_ObjectHideFlags: 0
  m_CorrespondingSourceObject: {fileID: 0}
  m_PrefabInstance: {fileID: 0}
  m_PrefabAsset: {fileID: 0}
  m_GameObject: {fileID: 3908969941225523013}
  m_Enabled: 1
  serializedVersion: 3
  m_RenderMode: 2
  m_Camera: {fileID: 0}
  m_PlaneDistance: 100
  m_PixelPerfect: 0
  m_ReceivesEvents: 1
  m_OverrideSorting: 1
  m_OverridePixelPerfect: 0
  m_SortingBucketNormalizedSize: 0
  m_VertexColorAlwaysGammaSpace: 0
  m_AdditionalShaderChannelsFlag: 0
  m_UpdateRectTransformForStandalone: 0
  m_SortingLayerID: 677248591
  m_SortingOrder: 32766
  m_TargetDisplay: 0
--- !u!1 &5457727033490527014
GameObject:
  m_ObjectHideFlags: 0
  m_CorrespondingSourceObject: {fileID: 0}
  m_PrefabInstance: {fileID: 0}
  m_PrefabAsset: {fileID: 0}
  serializedVersion: 6
  m_Component:
  - component: {fileID: 8730423439859367595}
  - component: {fileID: 3988270219900111945}
  - component: {fileID: 6333258600560844429}
  - component: {fileID: 6386171146589405152}
  m_Layer: 5
  m_Name: Image
  m_TagString: Untagged
  m_Icon: {fileID: 0}
  m_NavMeshLayer: 0
  m_StaticEditorFlags: 0
  m_IsActive: 0
--- !u!224 &8730423439859367595
RectTransform:
  m_ObjectHideFlags: 0
  m_CorrespondingSourceObject: {fileID: 0}
  m_PrefabInstance: {fileID: 0}
  m_PrefabAsset: {fileID: 0}
  m_GameObject: {fileID: 5457727033490527014}
  m_LocalRotation: {x: -0, y: -0, z: -0, w: 1}
  m_LocalPosition: {x: 0, y: 0, z: 0}
  m_LocalScale: {x: 1, y: 1, z: 1}
  m_ConstrainProportionsScale: 0
  m_Children:
  - {fileID: 2272265811044737370}
  m_Father: {fileID: 7632541609778628714}
  m_LocalEulerAnglesHint: {x: 0, y: 0, z: 0}
  m_AnchorMin: {x: 0, y: 0}
  m_AnchorMax: {x: 0, y: 0}
  m_AnchoredPosition: {x: 0, y: 0}
  m_SizeDelta: {x: 1580.9208, y: 436.6524}
  m_Pivot: {x: 0, y: 0}
--- !u!222 &3988270219900111945
CanvasRenderer:
  m_ObjectHideFlags: 0
  m_CorrespondingSourceObject: {fileID: 0}
  m_PrefabInstance: {fileID: 0}
  m_PrefabAsset: {fileID: 0}
  m_GameObject: {fileID: 5457727033490527014}
  m_CullTransparentMesh: 1
--- !u!114 &6333258600560844429
MonoBehaviour:
  m_ObjectHideFlags: 0
  m_CorrespondingSourceObject: {fileID: 0}
  m_PrefabInstance: {fileID: 0}
  m_PrefabAsset: {fileID: 0}
  m_GameObject: {fileID: 5457727033490527014}
  m_Enabled: 1
  m_EditorHideFlags: 0
  m_Script: {fileID: 11500000, guid: fe87c0e1cc204ed48ad3b37840f39efc, type: 3}
  m_Name: 
  m_EditorClassIdentifier: 
  m_Material: {fileID: 0}
  m_Color: {r: 1, g: 1, b: 1, a: 1}
  m_RaycastTarget: 0
  m_RaycastPadding: {x: 0, y: 0, z: 0, w: 0}
  m_Maskable: 0
  m_OnCullStateChanged:
    m_PersistentCalls:
      m_Calls: []
  m_Sprite: {fileID: 21300000, guid: 4b479318cf061994abb909c3cf383463, type: 3}
  m_Type: 0
  m_PreserveAspect: 1
  m_FillCenter: 1
  m_FillMethod: 4
  m_FillAmount: 1
  m_FillClockwise: 1
  m_FillOrigin: 0
  m_UseSpriteMesh: 0
  m_PixelsPerUnitMultiplier: 1
--- !u!223 &6386171146589405152
Canvas:
  m_ObjectHideFlags: 0
  m_CorrespondingSourceObject: {fileID: 0}
  m_PrefabInstance: {fileID: 0}
  m_PrefabAsset: {fileID: 0}
  m_GameObject: {fileID: 5457727033490527014}
  m_Enabled: 1
  serializedVersion: 3
  m_RenderMode: 2
  m_Camera: {fileID: 0}
  m_PlaneDistance: 100
  m_PixelPerfect: 0
  m_ReceivesEvents: 1
  m_OverrideSorting: 1
  m_OverridePixelPerfect: 0
  m_SortingBucketNormalizedSize: 0
  m_VertexColorAlwaysGammaSpace: 0
  m_AdditionalShaderChannelsFlag: 0
  m_UpdateRectTransformForStandalone: 0
  m_SortingLayerID: 677248591
  m_SortingOrder: 32764
  m_TargetDisplay: 0
--- !u!1001 &1190905283860286692
PrefabInstance:
  m_ObjectHideFlags: 0
  serializedVersion: 2
  m_Modification:
    serializedVersion: 3
    m_TransformParent: {fileID: 7632541609778628714}
    m_Modifications:
    - target: {fileID: 4468054613164541045, guid: 5276304f0ba5d034a88ef07b2ba14673, type: 3}
      propertyPath: m_Name
      value: Draggable
      objectReference: {fileID: 0}
    - target: {fileID: 4468054613164541046, guid: 5276304f0ba5d034a88ef07b2ba14673, type: 3}
      propertyPath: m_Pivot.x
      value: 0.5
      objectReference: {fileID: 0}
    - target: {fileID: 4468054613164541046, guid: 5276304f0ba5d034a88ef07b2ba14673, type: 3}
      propertyPath: m_Pivot.y
      value: 0.5
      objectReference: {fileID: 0}
    - target: {fileID: 4468054613164541046, guid: 5276304f0ba5d034a88ef07b2ba14673, type: 3}
      propertyPath: m_AnchorMax.x
      value: 1
      objectReference: {fileID: 0}
    - target: {fileID: 4468054613164541046, guid: 5276304f0ba5d034a88ef07b2ba14673, type: 3}
      propertyPath: m_AnchorMax.y
      value: 1
      objectReference: {fileID: 0}
    - target: {fileID: 4468054613164541046, guid: 5276304f0ba5d034a88ef07b2ba14673, type: 3}
      propertyPath: m_AnchorMin.x
      value: 0
      objectReference: {fileID: 0}
    - target: {fileID: 4468054613164541046, guid: 5276304f0ba5d034a88ef07b2ba14673, type: 3}
      propertyPath: m_AnchorMin.y
      value: 0
      objectReference: {fileID: 0}
    - target: {fileID: 4468054613164541046, guid: 5276304f0ba5d034a88ef07b2ba14673, type: 3}
      propertyPath: m_SizeDelta.x
      value: 0
      objectReference: {fileID: 0}
    - target: {fileID: 4468054613164541046, guid: 5276304f0ba5d034a88ef07b2ba14673, type: 3}
      propertyPath: m_SizeDelta.y
      value: 0
      objectReference: {fileID: 0}
    - target: {fileID: 4468054613164541046, guid: 5276304f0ba5d034a88ef07b2ba14673, type: 3}
      propertyPath: m_LocalPosition.x
      value: 0
      objectReference: {fileID: 0}
    - target: {fileID: 4468054613164541046, guid: 5276304f0ba5d034a88ef07b2ba14673, type: 3}
      propertyPath: m_LocalPosition.y
      value: 0
      objectReference: {fileID: 0}
    - target: {fileID: 4468054613164541046, guid: 5276304f0ba5d034a88ef07b2ba14673, type: 3}
      propertyPath: m_LocalPosition.z
      value: 0
      objectReference: {fileID: 0}
    - target: {fileID: 4468054613164541046, guid: 5276304f0ba5d034a88ef07b2ba14673, type: 3}
      propertyPath: m_LocalRotation.w
      value: 1
      objectReference: {fileID: 0}
    - target: {fileID: 4468054613164541046, guid: 5276304f0ba5d034a88ef07b2ba14673, type: 3}
      propertyPath: m_LocalRotation.x
      value: -0
      objectReference: {fileID: 0}
    - target: {fileID: 4468054613164541046, guid: 5276304f0ba5d034a88ef07b2ba14673, type: 3}
      propertyPath: m_LocalRotation.y
      value: -0
      objectReference: {fileID: 0}
    - target: {fileID: 4468054613164541046, guid: 5276304f0ba5d034a88ef07b2ba14673, type: 3}
      propertyPath: m_LocalRotation.z
      value: -0
      objectReference: {fileID: 0}
    - target: {fileID: 4468054613164541046, guid: 5276304f0ba5d034a88ef07b2ba14673, type: 3}
      propertyPath: m_AnchoredPosition.x
      value: 0
      objectReference: {fileID: 0}
    - target: {fileID: 4468054613164541046, guid: 5276304f0ba5d034a88ef07b2ba14673, type: 3}
      propertyPath: m_AnchoredPosition.y
      value: 0
      objectReference: {fileID: 0}
    - target: {fileID: 4468054613164541046, guid: 5276304f0ba5d034a88ef07b2ba14673, type: 3}
      propertyPath: m_LocalEulerAnglesHint.x
      value: 0
      objectReference: {fileID: 0}
    - target: {fileID: 4468054613164541046, guid: 5276304f0ba5d034a88ef07b2ba14673, type: 3}
      propertyPath: m_LocalEulerAnglesHint.y
      value: 0
      objectReference: {fileID: 0}
    - target: {fileID: 4468054613164541046, guid: 5276304f0ba5d034a88ef07b2ba14673, type: 3}
      propertyPath: m_LocalEulerAnglesHint.z
      value: 0
      objectReference: {fileID: 0}
    - target: {fileID: 4468054613164541047, guid: 5276304f0ba5d034a88ef07b2ba14673, type: 3}
      propertyPath: forceOneLine
      value: 1
      objectReference: {fileID: 0}
    - target: {fileID: 5326182496624764536, guid: 5276304f0ba5d034a88ef07b2ba14673, type: 3}
      propertyPath: m_SortingLayer
      value: 2
      objectReference: {fileID: 0}
    m_RemovedComponents:
    - {fileID: 4468054613164541047, guid: 5276304f0ba5d034a88ef07b2ba14673, type: 3}
    m_RemovedGameObjects: []
    m_AddedGameObjects:
    - targetCorrespondingSourceObject: {fileID: 4468054613164541046, guid: 5276304f0ba5d034a88ef07b2ba14673, type: 3}
      insertIndex: -1
      addedObject: {fileID: 3774079891448114893}
    m_AddedComponents:
    - targetCorrespondingSourceObject: {fileID: 4468054613164541045, guid: 5276304f0ba5d034a88ef07b2ba14673, type: 3}
      insertIndex: -1
      addedObject: {fileID: 2116080481228129786}
    - targetCorrespondingSourceObject: {fileID: 4468054613164541045, guid: 5276304f0ba5d034a88ef07b2ba14673, type: 3}
      insertIndex: -1
      addedObject: {fileID: 7147234011263373706}
    - targetCorrespondingSourceObject: {fileID: 4468054613164541045, guid: 5276304f0ba5d034a88ef07b2ba14673, type: 3}
      insertIndex: -1
      addedObject: {fileID: 6683453702055508364}
    - targetCorrespondingSourceObject: {fileID: 4468054613164541045, guid: 5276304f0ba5d034a88ef07b2ba14673, type: 3}
      insertIndex: -1
      addedObject: {fileID: 2594550202029246818}
    - targetCorrespondingSourceObject: {fileID: 4468054613164541045, guid: 5276304f0ba5d034a88ef07b2ba14673, type: 3}
      insertIndex: -1
      addedObject: {fileID: 6407858793457295063}
    - targetCorrespondingSourceObject: {fileID: 4468054613164541045, guid: 5276304f0ba5d034a88ef07b2ba14673, type: 3}
      insertIndex: -1
      addedObject: {fileID: 7845502063638087313}
    - targetCorrespondingSourceObject: {fileID: 4468054613164541045, guid: 5276304f0ba5d034a88ef07b2ba14673, type: 3}
      insertIndex: -1
      addedObject: {fileID: 2956384201223547476}
    - targetCorrespondingSourceObject: {fileID: 4468054613164541045, guid: 5276304f0ba5d034a88ef07b2ba14673, type: 3}
      insertIndex: -1
      addedObject: {fileID: 914164512108125391}
    - targetCorrespondingSourceObject: {fileID: 4468054613164541045, guid: 5276304f0ba5d034a88ef07b2ba14673, type: 3}
      insertIndex: -1
      addedObject: {fileID: 4251282069008907077}
    - targetCorrespondingSourceObject: {fileID: 4468054613164541045, guid: 5276304f0ba5d034a88ef07b2ba14673, type: 3}
      insertIndex: -1
      addedObject: {fileID: 3263833629191367349}
  m_SourcePrefab: {fileID: 100100000, guid: 5276304f0ba5d034a88ef07b2ba14673, type: 3}
--- !u!1 &3352725364879591569 stripped
GameObject:
  m_CorrespondingSourceObject: {fileID: 4468054613164541045, guid: 5276304f0ba5d034a88ef07b2ba14673, type: 3}
  m_PrefabInstance: {fileID: 1190905283860286692}
  m_PrefabAsset: {fileID: 0}
--- !u!114 &2116080481228129786
MonoBehaviour:
  m_ObjectHideFlags: 0
  m_CorrespondingSourceObject: {fileID: 0}
  m_PrefabInstance: {fileID: 0}
  m_PrefabAsset: {fileID: 0}
  m_GameObject: {fileID: 3352725364879591569}
  m_Enabled: 1
  m_EditorHideFlags: 0
  m_Script: {fileID: 11500000, guid: 31afb69445cf26042a45199be252f711, type: 3}
  m_Name: 
  m_EditorClassIdentifier: 
  canvasRectTrs: {fileID: 0}
  text: {fileID: 7447677046868879470}
  showDelay: 0
--- !u!114 &7147234011263373706
MonoBehaviour:
  m_ObjectHideFlags: 0
  m_CorrespondingSourceObject: {fileID: 0}
  m_PrefabInstance: {fileID: 0}
  m_PrefabAsset: {fileID: 0}
  m_GameObject: {fileID: 3352725364879591569}
  m_Enabled: 1
  m_EditorHideFlags: 0
  m_Script: {fileID: 11500000, guid: d0b148fe25e99eb48b9724523833bab1, type: 3}
  m_Name: 
  m_EditorClassIdentifier: 
  m_Delegates:
  - eventID: 2
    callback:
      m_PersistentCalls:
        m_Calls:
        - m_Target: {fileID: 7845502063638087313}
          m_TargetAssemblyTypeName: FightRoom.Draggable, Assembly-CSharp-firstpass
          m_MethodName: StartDrag
          m_Mode: 1
          m_Arguments:
            m_ObjectArgument: {fileID: 0}
            m_ObjectArgumentAssemblyTypeName: UnityEngine.Object, UnityEngine
            m_IntArgument: 0
            m_FloatArgument: 0
            m_StringArgument: 
            m_BoolArgument: 0
          m_CallState: 2
  - eventID: 3
    callback:
      m_PersistentCalls:
        m_Calls:
        - m_Target: {fileID: 7845502063638087313}
          m_TargetAssemblyTypeName: FightRoom.Draggable, Assembly-CSharp-firstpass
          m_MethodName: EndDrag
          m_Mode: 1
          m_Arguments:
            m_ObjectArgument: {fileID: 0}
            m_ObjectArgumentAssemblyTypeName: UnityEngine.Object, UnityEngine
            m_IntArgument: 0
            m_FloatArgument: 0
            m_StringArgument: 
            m_BoolArgument: 0
          m_CallState: 2
--- !u!222 &6683453702055508364
CanvasRenderer:
  m_ObjectHideFlags: 0
  m_CorrespondingSourceObject: {fileID: 0}
  m_PrefabInstance: {fileID: 0}
  m_PrefabAsset: {fileID: 0}
  m_GameObject: {fileID: 3352725364879591569}
  m_CullTransparentMesh: 1
--- !u!114 &2594550202029246818
MonoBehaviour:
  m_ObjectHideFlags: 0
  m_CorrespondingSourceObject: {fileID: 0}
  m_PrefabInstance: {fileID: 0}
  m_PrefabAsset: {fileID: 0}
  m_GameObject: {fileID: 3352725364879591569}
  m_Enabled: 1
  m_EditorHideFlags: 0
  m_Script: {fileID: 11500000, guid: 5f7201a12d95ffc409449d95f23cf332, type: 3}
  m_Name: 
  m_EditorClassIdentifier: 
  m_Material: {fileID: 0}
  m_Color: {r: 1, g: 1, b: 1, a: 1}
  m_RaycastTarget: 1
  m_RaycastPadding: {x: 0, y: 0, z: 0, w: 0}
  m_Maskable: 0
  m_OnCullStateChanged:
    m_PersistentCalls:
      m_Calls: []
  m_FontData:
    m_Font: {fileID: 12800000, guid: 097dcaee7b3687d40a665f59c8a94e32, type: 3}
    m_FontSize: 14
    m_FontStyle: 0
    m_BestFit: 1
    m_MinSize: 0
    m_MaxSize: 300
    m_Alignment: 3
    m_AlignByGeometry: 0
    m_RichText: 1
    m_HorizontalOverflow: 0
    m_VerticalOverflow: 0
    m_LineSpacing: 1
  m_Text: 
--- !u!114 &6407858793457295063
MonoBehaviour:
  m_ObjectHideFlags: 0
  m_CorrespondingSourceObject: {fileID: 0}
  m_PrefabInstance: {fileID: 0}
  m_PrefabAsset: {fileID: 0}
  m_GameObject: {fileID: 3352725364879591569}
  m_Enabled: 0
  m_EditorHideFlags: 0
  m_Script: {fileID: 11500000, guid: 7a98125502f715b4b83cfb77b434e436, type: 3}
  m_Name: 
  m_EditorClassIdentifier: 
  m_Navigation:
    m_Mode: 3
    m_WrapAround: 0
    m_SelectOnUp: {fileID: 0}
    m_SelectOnDown: {fileID: 0}
    m_SelectOnLeft: {fileID: 0}
    m_SelectOnRight: {fileID: 0}
  m_Transition: 0
  m_Colors:
    m_NormalColor: {r: 1, g: 1, b: 1, a: 1}
    m_HighlightedColor: {r: 0.78431374, g: 0.78431374, b: 0.78431374, a: 1}
    m_PressedColor: {r: 0.5882353, g: 0.5882353, b: 0.5882353, a: 1}
    m_SelectedColor: {r: 0.78431374, g: 0.78431374, b: 0.78431374, a: 1}
    m_DisabledColor: {r: 0.5019608, g: 0.5019608, b: 0.5019608, a: 0.5019608}
    m_ColorMultiplier: 1
    m_FadeDuration: 0.1
  m_SpriteState:
    m_HighlightedSprite: {fileID: 0}
    m_PressedSprite: {fileID: 0}
    m_SelectedSprite: {fileID: 0}
    m_DisabledSprite: {fileID: 0}
  m_AnimationTriggers:
    m_NormalTrigger: Normal
    m_HighlightedTrigger: Highlighted
    m_PressedTrigger: Pressed
    m_SelectedTrigger: Selected
    m_DisabledTrigger: Disabled
  m_Interactable: 1
  m_TargetGraphic: {fileID: 2594550202029246818}
--- !u!114 &7845502063638087313
MonoBehaviour:
  m_ObjectHideFlags: 0
  m_CorrespondingSourceObject: {fileID: 0}
  m_PrefabInstance: {fileID: 0}
  m_PrefabAsset: {fileID: 0}
  m_GameObject: {fileID: 3352725364879591569}
  m_Enabled: 1
  m_EditorHideFlags: 0
  m_Script: {fileID: 11500000, guid: e801d7b62f498a545bb051d04d0d8895, type: 3}
  m_Name: 
  m_EditorClassIdentifier: 
  rectTrs: {fileID: 3352725364879591570}
  selectable: {fileID: 6407858793457295063}
  canvasRectTrs: {fileID: 7632541609778628714}
  defaultLocalPosition: {x: 0, y: 0}
  defaultParent: {fileID: 7632541609778628714}
  dropBehaviour: 2
  autoDropOnDropPoint: 1
  setDefaults: 0
--- !u!114 &2956384201223547476
MonoBehaviour:
  m_ObjectHideFlags: 0
  m_CorrespondingSourceObject: {fileID: 0}
  m_PrefabInstance: {fileID: 0}
  m_PrefabAsset: {fileID: 0}
  m_GameObject: {fileID: 3352725364879591569}
  m_Enabled: 1
  m_EditorHideFlags: 0
  m_Script: {fileID: 11500000, guid: 61bd29cb2fe2a25499caadb1641ccc15, type: 3}
  m_Name: 
  m_EditorClassIdentifier: 
  text: {fileID: 2594550202029246818}
  tooltipText: {fileID: 7447677046868879470}
  childStatIndicator: {fileID: 0}
--- !u!223 &914164512108125391
Canvas:
  m_ObjectHideFlags: 0
  m_CorrespondingSourceObject: {fileID: 0}
  m_PrefabInstance: {fileID: 0}
  m_PrefabAsset: {fileID: 0}
  m_GameObject: {fileID: 3352725364879591569}
  m_Enabled: 1
  serializedVersion: 3
  m_RenderMode: 2
  m_Camera: {fileID: 0}
  m_PlaneDistance: 100
  m_PixelPerfect: 0
  m_ReceivesEvents: 1
  m_OverrideSorting: 1
  m_OverridePixelPerfect: 0
  m_SortingBucketNormalizedSize: 0
  m_VertexColorAlwaysGammaSpace: 0
  m_AdditionalShaderChannelsFlag: 0
  m_UpdateRectTransformForStandalone: 0
  m_SortingLayerID: 677248591
  m_SortingOrder: 200
  m_TargetDisplay: 0
--- !u!114 &4251282069008907077
MonoBehaviour:
  m_ObjectHideFlags: 0
  m_CorrespondingSourceObject: {fileID: 0}
  m_PrefabInstance: {fileID: 0}
  m_PrefabAsset: {fileID: 0}
  m_GameObject: {fileID: 3352725364879591569}
  m_Enabled: 1
  m_EditorHideFlags: 0
  m_Script: {fileID: 11500000, guid: dc42784cf147c0c48a680349fa168899, type: 3}
  m_Name: 
  m_EditorClassIdentifier: 
  m_IgnoreReversedGraphics: 1
  m_BlockingObjects: 0
  m_BlockingMask:
    serializedVersion: 2
    m_Bits: 4294967295
--- !u!114 &3263833629191367349
MonoBehaviour:
  m_ObjectHideFlags: 0
  m_CorrespondingSourceObject: {fileID: 0}
  m_PrefabInstance: {fileID: 0}
  m_PrefabAsset: {fileID: 0}
  m_GameObject: {fileID: 3352725364879591569}
  m_Enabled: 0
  m_EditorHideFlags: 0
  m_Script: {fileID: 11500000, guid: d0b148fe25e99eb48b9724523833bab1, type: 3}
  m_Name: 
  m_EditorClassIdentifier: 
  m_Delegates:
  - eventID: 0
    callback:
      m_PersistentCalls:
        m_Calls:
        - m_Target: {fileID: 2116080481228129786}
          m_TargetAssemblyTypeName: FightRoom.Tooltip, Assembly-CSharp-firstpass
          m_MethodName: ShowWithDelay
          m_Mode: 1
          m_Arguments:
            m_ObjectArgument: {fileID: 0}
            m_ObjectArgumentAssemblyTypeName: UnityEngine.Object, UnityEngine
            m_IntArgument: 0
            m_FloatArgument: 0
            m_StringArgument: 
            m_BoolArgument: 0
          m_CallState: 2
  - eventID: 1
    callback:
      m_PersistentCalls:
        m_Calls:
        - m_Target: {fileID: 3908969941225523013}
          m_TargetAssemblyTypeName: UnityEngine.GameObject, UnityEngine
          m_MethodName: SetActive
          m_Mode: 6
          m_Arguments:
            m_ObjectArgument: {fileID: 0}
            m_ObjectArgumentAssemblyTypeName: UnityEngine.Object, UnityEngine
            m_IntArgument: 0
            m_FloatArgument: 0
            m_StringArgument: 
            m_BoolArgument: 0
          m_CallState: 2
--- !u!224 &3352725364879591570 stripped
RectTransform:
  m_CorrespondingSourceObject: {fileID: 4468054613164541046, guid: 5276304f0ba5d034a88ef07b2ba14673, type: 3}
  m_PrefabInstance: {fileID: 1190905283860286692}
  m_PrefabAsset: {fileID: 0}
--- !u!1001 &2416465183860974892
PrefabInstance:
  m_ObjectHideFlags: 0
  serializedVersion: 2
  m_Modification:
    serializedVersion: 3
    m_TransformParent: {fileID: 8730423439859367595}
    m_Modifications:
    - target: {fileID: 2659210257142056981, guid: 5276304f0ba5d034a88ef07b2ba14673, type: 3}
      propertyPath: m_Color.b
      value: 1
      objectReference: {fileID: 0}
    - target: {fileID: 2659210257142056981, guid: 5276304f0ba5d034a88ef07b2ba14673, type: 3}
      propertyPath: m_Color.g
      value: 1
      objectReference: {fileID: 0}
    - target: {fileID: 2659210257142056981, guid: 5276304f0ba5d034a88ef07b2ba14673, type: 3}
      propertyPath: m_Color.r
      value: 1
      objectReference: {fileID: 0}
    - target: {fileID: 2659210257142056981, guid: 5276304f0ba5d034a88ef07b2ba14673, type: 3}
      propertyPath: m_Maskable
      value: 0
      objectReference: {fileID: 0}
    - target: {fileID: 2659210257142056981, guid: 5276304f0ba5d034a88ef07b2ba14673, type: 3}
      propertyPath: m_RaycastTarget
      value: 0
      objectReference: {fileID: 0}
    - target: {fileID: 2659210257142056981, guid: 5276304f0ba5d034a88ef07b2ba14673, type: 3}
      propertyPath: m_FontData.m_Alignment
      value: 4
      objectReference: {fileID: 0}
    - target: {fileID: 4468054613164541045, guid: 5276304f0ba5d034a88ef07b2ba14673, type: 3}
      propertyPath: m_Name
      value: Tooltip Text
      objectReference: {fileID: 0}
    - target: {fileID: 4468054613164541046, guid: 5276304f0ba5d034a88ef07b2ba14673, type: 3}
      propertyPath: m_Pivot.x
      value: 0.5
      objectReference: {fileID: 0}
    - target: {fileID: 4468054613164541046, guid: 5276304f0ba5d034a88ef07b2ba14673, type: 3}
      propertyPath: m_Pivot.y
      value: 0.5
      objectReference: {fileID: 0}
    - target: {fileID: 4468054613164541046, guid: 5276304f0ba5d034a88ef07b2ba14673, type: 3}
      propertyPath: m_AnchorMax.x
      value: 1
      objectReference: {fileID: 0}
    - target: {fileID: 4468054613164541046, guid: 5276304f0ba5d034a88ef07b2ba14673, type: 3}
      propertyPath: m_AnchorMax.y
      value: 1
      objectReference: {fileID: 0}
    - target: {fileID: 4468054613164541046, guid: 5276304f0ba5d034a88ef07b2ba14673, type: 3}
      propertyPath: m_AnchorMin.x
      value: 0
      objectReference: {fileID: 0}
    - target: {fileID: 4468054613164541046, guid: 5276304f0ba5d034a88ef07b2ba14673, type: 3}
      propertyPath: m_AnchorMin.y
      value: 0
      objectReference: {fileID: 0}
    - target: {fileID: 4468054613164541046, guid: 5276304f0ba5d034a88ef07b2ba14673, type: 3}
      propertyPath: m_SizeDelta.x
      value: -296
      objectReference: {fileID: 0}
    - target: {fileID: 4468054613164541046, guid: 5276304f0ba5d034a88ef07b2ba14673, type: 3}
      propertyPath: m_SizeDelta.y
      value: -81
      objectReference: {fileID: 0}
    - target: {fileID: 4468054613164541046, guid: 5276304f0ba5d034a88ef07b2ba14673, type: 3}
      propertyPath: m_LocalScale.x
      value: 1
      objectReference: {fileID: 0}
    - target: {fileID: 4468054613164541046, guid: 5276304f0ba5d034a88ef07b2ba14673, type: 3}
      propertyPath: m_LocalScale.y
      value: 1
      objectReference: {fileID: 0}
    - target: {fileID: 4468054613164541046, guid: 5276304f0ba5d034a88ef07b2ba14673, type: 3}
      propertyPath: m_LocalScale.z
      value: 1
      objectReference: {fileID: 0}
    - target: {fileID: 4468054613164541046, guid: 5276304f0ba5d034a88ef07b2ba14673, type: 3}
      propertyPath: m_LocalPosition.x
      value: 0
      objectReference: {fileID: 0}
    - target: {fileID: 4468054613164541046, guid: 5276304f0ba5d034a88ef07b2ba14673, type: 3}
      propertyPath: m_LocalPosition.y
      value: 0
      objectReference: {fileID: 0}
    - target: {fileID: 4468054613164541046, guid: 5276304f0ba5d034a88ef07b2ba14673, type: 3}
      propertyPath: m_LocalPosition.z
      value: 0
      objectReference: {fileID: 0}
    - target: {fileID: 4468054613164541046, guid: 5276304f0ba5d034a88ef07b2ba14673, type: 3}
      propertyPath: m_LocalRotation.w
      value: 1
      objectReference: {fileID: 0}
    - target: {fileID: 4468054613164541046, guid: 5276304f0ba5d034a88ef07b2ba14673, type: 3}
      propertyPath: m_LocalRotation.x
      value: -0
      objectReference: {fileID: 0}
    - target: {fileID: 4468054613164541046, guid: 5276304f0ba5d034a88ef07b2ba14673, type: 3}
      propertyPath: m_LocalRotation.y
      value: -0
      objectReference: {fileID: 0}
    - target: {fileID: 4468054613164541046, guid: 5276304f0ba5d034a88ef07b2ba14673, type: 3}
      propertyPath: m_LocalRotation.z
      value: -0
      objectReference: {fileID: 0}
    - target: {fileID: 4468054613164541046, guid: 5276304f0ba5d034a88ef07b2ba14673, type: 3}
      propertyPath: m_AnchoredPosition.x
      value: 133
      objectReference: {fileID: 0}
    - target: {fileID: 4468054613164541046, guid: 5276304f0ba5d034a88ef07b2ba14673, type: 3}
      propertyPath: m_AnchoredPosition.y
      value: 24.5
      objectReference: {fileID: 0}
    - target: {fileID: 4468054613164541046, guid: 5276304f0ba5d034a88ef07b2ba14673, type: 3}
      propertyPath: m_LocalEulerAnglesHint.x
      value: 0
      objectReference: {fileID: 0}
    - target: {fileID: 4468054613164541046, guid: 5276304f0ba5d034a88ef07b2ba14673, type: 3}
      propertyPath: m_LocalEulerAnglesHint.y
      value: 0
      objectReference: {fileID: 0}
    - target: {fileID: 4468054613164541046, guid: 5276304f0ba5d034a88ef07b2ba14673, type: 3}
      propertyPath: m_LocalEulerAnglesHint.z
      value: 0
      objectReference: {fileID: 0}
    - target: {fileID: 5326182496624764536, guid: 5276304f0ba5d034a88ef07b2ba14673, type: 3}
      propertyPath: m_SortingLayer
      value: 2
      objectReference: {fileID: 0}
    - target: {fileID: 6205229481815834063, guid: 5276304f0ba5d034a88ef07b2ba14673, type: 3}
      propertyPath: m_IsActive
      value: 1
      objectReference: {fileID: 0}
    m_RemovedComponents: []
    m_RemovedGameObjects: []
    m_AddedGameObjects: []
    m_AddedComponents:
    - targetCorrespondingSourceObject: {fileID: 4468054613164541045, guid: 5276304f0ba5d034a88ef07b2ba14673, type: 3}
      insertIndex: -1
      addedObject: {fileID: 7225261869405870453}
  m_SourcePrefab: {fileID: 100100000, guid: 5276304f0ba5d034a88ef07b2ba14673, type: 3}
--- !u!114 &391368878584163641 stripped
MonoBehaviour:
  m_CorrespondingSourceObject: {fileID: 2659210257142056981, guid: 5276304f0ba5d034a88ef07b2ba14673, type: 3}
  m_PrefabInstance: {fileID: 2416465183860974892}
  m_PrefabAsset: {fileID: 0}
  m_GameObject: {fileID: 2272265811044737369}
  m_Enabled: 1
  m_EditorHideFlags: 0
  m_Script: {fileID: 11500000, guid: 5f7201a12d95ffc409449d95f23cf332, type: 3}
  m_Name: 
  m_EditorClassIdentifier: 
--- !u!1 &2272265811044737369 stripped
GameObject:
  m_CorrespondingSourceObject: {fileID: 4468054613164541045, guid: 5276304f0ba5d034a88ef07b2ba14673, type: 3}
  m_PrefabInstance: {fileID: 2416465183860974892}
  m_PrefabAsset: {fileID: 0}
--- !u!223 &7225261869405870453
Canvas:
  m_ObjectHideFlags: 0
  m_CorrespondingSourceObject: {fileID: 0}
  m_PrefabInstance: {fileID: 0}
  m_PrefabAsset: {fileID: 0}
  m_GameObject: {fileID: 2272265811044737369}
  m_Enabled: 1
  serializedVersion: 3
  m_RenderMode: 2
  m_Camera: {fileID: 0}
  m_PlaneDistance: 100
  m_PixelPerfect: 0
  m_ReceivesEvents: 1
  m_OverrideSorting: 1
  m_OverridePixelPerfect: 0
  m_SortingBucketNormalizedSize: 0
  m_VertexColorAlwaysGammaSpace: 0
  m_AdditionalShaderChannelsFlag: 0
  m_UpdateRectTransformForStandalone: 0
  m_SortingLayerID: 677248591
  m_SortingOrder: 32765
  m_TargetDisplay: 0
--- !u!224 &2272265811044737370 stripped
RectTransform:
  m_CorrespondingSourceObject: {fileID: 4468054613164541046, guid: 5276304f0ba5d034a88ef07b2ba14673, type: 3}
  m_PrefabInstance: {fileID: 2416465183860974892}
  m_PrefabAsset: {fileID: 0}
--- !u!1001 &4880810676092936315
PrefabInstance:
  m_ObjectHideFlags: 0
  serializedVersion: 2
  m_Modification:
    serializedVersion: 3
    m_TransformParent: {fileID: 3774079891448114893}
    m_Modifications:
    - target: {fileID: 2659210257142056981, guid: 5276304f0ba5d034a88ef07b2ba14673, type: 3}
      propertyPath: m_Color.b
      value: 0.21568628
      objectReference: {fileID: 0}
    - target: {fileID: 2659210257142056981, guid: 5276304f0ba5d034a88ef07b2ba14673, type: 3}
      propertyPath: m_Color.r
      value: 0.19607843
      objectReference: {fileID: 0}
    - target: {fileID: 2659210257142056981, guid: 5276304f0ba5d034a88ef07b2ba14673, type: 3}
      propertyPath: m_Maskable
      value: 0
      objectReference: {fileID: 0}
    - target: {fileID: 2659210257142056981, guid: 5276304f0ba5d034a88ef07b2ba14673, type: 3}
      propertyPath: m_RaycastTarget
      value: 0
      objectReference: {fileID: 0}
    - target: {fileID: 2659210257142056981, guid: 5276304f0ba5d034a88ef07b2ba14673, type: 3}
      propertyPath: m_FontData.m_Alignment
      value: 4
      objectReference: {fileID: 0}
    - target: {fileID: 4468054613164541045, guid: 5276304f0ba5d034a88ef07b2ba14673, type: 3}
      propertyPath: m_Name
      value: Tooltip Text
      objectReference: {fileID: 0}
    - target: {fileID: 4468054613164541046, guid: 5276304f0ba5d034a88ef07b2ba14673, type: 3}
      propertyPath: m_Pivot.x
      value: 0.5
      objectReference: {fileID: 0}
    - target: {fileID: 4468054613164541046, guid: 5276304f0ba5d034a88ef07b2ba14673, type: 3}
      propertyPath: m_Pivot.y
      value: 0.5
      objectReference: {fileID: 0}
    - target: {fileID: 4468054613164541046, guid: 5276304f0ba5d034a88ef07b2ba14673, type: 3}
      propertyPath: m_AnchorMax.x
      value: 1
      objectReference: {fileID: 0}
    - target: {fileID: 4468054613164541046, guid: 5276304f0ba5d034a88ef07b2ba14673, type: 3}
      propertyPath: m_AnchorMax.y
      value: 1
      objectReference: {fileID: 0}
    - target: {fileID: 4468054613164541046, guid: 5276304f0ba5d034a88ef07b2ba14673, type: 3}
      propertyPath: m_AnchorMin.x
      value: 0
      objectReference: {fileID: 0}
    - target: {fileID: 4468054613164541046, guid: 5276304f0ba5d034a88ef07b2ba14673, type: 3}
      propertyPath: m_AnchorMin.y
      value: 0
      objectReference: {fileID: 0}
    - target: {fileID: 4468054613164541046, guid: 5276304f0ba5d034a88ef07b2ba14673, type: 3}
      propertyPath: m_SizeDelta.x
      value: -296
      objectReference: {fileID: 0}
    - target: {fileID: 4468054613164541046, guid: 5276304f0ba5d034a88ef07b2ba14673, type: 3}
      propertyPath: m_SizeDelta.y
      value: -81
      objectReference: {fileID: 0}
    - target: {fileID: 4468054613164541046, guid: 5276304f0ba5d034a88ef07b2ba14673, type: 3}
      propertyPath: m_LocalScale.x
      value: 1
      objectReference: {fileID: 0}
    - target: {fileID: 4468054613164541046, guid: 5276304f0ba5d034a88ef07b2ba14673, type: 3}
      propertyPath: m_LocalScale.y
      value: -1
      objectReference: {fileID: 0}
    - target: {fileID: 4468054613164541046, guid: 5276304f0ba5d034a88ef07b2ba14673, type: 3}
      propertyPath: m_LocalScale.z
      value: 1
      objectReference: {fileID: 0}
    - target: {fileID: 4468054613164541046, guid: 5276304f0ba5d034a88ef07b2ba14673, type: 3}
      propertyPath: m_LocalPosition.x
      value: 0
      objectReference: {fileID: 0}
    - target: {fileID: 4468054613164541046, guid: 5276304f0ba5d034a88ef07b2ba14673, type: 3}
      propertyPath: m_LocalPosition.y
      value: 0
      objectReference: {fileID: 0}
    - target: {fileID: 4468054613164541046, guid: 5276304f0ba5d034a88ef07b2ba14673, type: 3}
      propertyPath: m_LocalPosition.z
      value: 0
      objectReference: {fileID: 0}
    - target: {fileID: 4468054613164541046, guid: 5276304f0ba5d034a88ef07b2ba14673, type: 3}
      propertyPath: m_LocalRotation.w
      value: 1
      objectReference: {fileID: 0}
    - target: {fileID: 4468054613164541046, guid: 5276304f0ba5d034a88ef07b2ba14673, type: 3}
      propertyPath: m_LocalRotation.x
      value: -0
      objectReference: {fileID: 0}
    - target: {fileID: 4468054613164541046, guid: 5276304f0ba5d034a88ef07b2ba14673, type: 3}
      propertyPath: m_LocalRotation.y
      value: -0
      objectReference: {fileID: 0}
    - target: {fileID: 4468054613164541046, guid: 5276304f0ba5d034a88ef07b2ba14673, type: 3}
      propertyPath: m_LocalRotation.z
      value: -0
      objectReference: {fileID: 0}
    - target: {fileID: 4468054613164541046, guid: 5276304f0ba5d034a88ef07b2ba14673, type: 3}
      propertyPath: m_AnchoredPosition.x
      value: 133
      objectReference: {fileID: 0}
    - target: {fileID: 4468054613164541046, guid: 5276304f0ba5d034a88ef07b2ba14673, type: 3}
      propertyPath: m_AnchoredPosition.y
      value: -24.5
      objectReference: {fileID: 0}
    - target: {fileID: 4468054613164541046, guid: 5276304f0ba5d034a88ef07b2ba14673, type: 3}
      propertyPath: m_LocalEulerAnglesHint.x
      value: 0
      objectReference: {fileID: 0}
    - target: {fileID: 4468054613164541046, guid: 5276304f0ba5d034a88ef07b2ba14673, type: 3}
      propertyPath: m_LocalEulerAnglesHint.y
      value: 0
      objectReference: {fileID: 0}
    - target: {fileID: 4468054613164541046, guid: 5276304f0ba5d034a88ef07b2ba14673, type: 3}
      propertyPath: m_LocalEulerAnglesHint.z
      value: 0
      objectReference: {fileID: 0}
    - target: {fileID: 5326182496624764536, guid: 5276304f0ba5d034a88ef07b2ba14673, type: 3}
      propertyPath: m_SortingLayer
      value: 2
      objectReference: {fileID: 0}
    - target: {fileID: 6205229481815834063, guid: 5276304f0ba5d034a88ef07b2ba14673, type: 3}
      propertyPath: m_IsActive
      value: 1
      objectReference: {fileID: 0}
    m_RemovedComponents: []
    m_RemovedGameObjects: []
    m_AddedGameObjects: []
    m_AddedComponents:
    - targetCorrespondingSourceObject: {fileID: 4468054613164541045, guid: 5276304f0ba5d034a88ef07b2ba14673, type: 3}
      insertIndex: -1
      addedObject: {fileID: 3947537698697624004}
  m_SourcePrefab: {fileID: 100100000, guid: 5276304f0ba5d034a88ef07b2ba14673, type: 3}
--- !u!114 &7447677046868879470 stripped
MonoBehaviour:
  m_CorrespondingSourceObject: {fileID: 2659210257142056981, guid: 5276304f0ba5d034a88ef07b2ba14673, type: 3}
  m_PrefabInstance: {fileID: 4880810676092936315}
  m_PrefabAsset: {fileID: 0}
  m_GameObject: {fileID: 9060583345439892494}
  m_Enabled: 1
  m_EditorHideFlags: 0
  m_Script: {fileID: 11500000, guid: 5f7201a12d95ffc409449d95f23cf332, type: 3}
  m_Name: 
  m_EditorClassIdentifier: 
--- !u!224 &9060583345439892493 stripped
RectTransform:
  m_CorrespondingSourceObject: {fileID: 4468054613164541046, guid: 5276304f0ba5d034a88ef07b2ba14673, type: 3}
  m_PrefabInstance: {fileID: 4880810676092936315}
  m_PrefabAsset: {fileID: 0}
--- !u!1 &9060583345439892494 stripped
GameObject:
  m_CorrespondingSourceObject: {fileID: 4468054613164541045, guid: 5276304f0ba5d034a88ef07b2ba14673, type: 3}
  m_PrefabInstance: {fileID: 4880810676092936315}
  m_PrefabAsset: {fileID: 0}
--- !u!223 &3947537698697624004
Canvas:
  m_ObjectHideFlags: 0
  m_CorrespondingSourceObject: {fileID: 0}
  m_PrefabInstance: {fileID: 0}
  m_PrefabAsset: {fileID: 0}
  m_GameObject: {fileID: 9060583345439892494}
  m_Enabled: 1
  serializedVersion: 3
  m_RenderMode: 2
  m_Camera: {fileID: 0}
  m_PlaneDistance: 100
  m_PixelPerfect: 0
  m_ReceivesEvents: 1
  m_OverrideSorting: 1
  m_OverridePixelPerfect: 0
  m_SortingBucketNormalizedSize: 0
  m_VertexColorAlwaysGammaSpace: 0
  m_AdditionalShaderChannelsFlag: 0
  m_UpdateRectTransformForStandalone: 0
  m_SortingLayerID: 677248591
  m_SortingOrder: 32767
  m_TargetDisplay: 0
--- !u!1001 &6335874014074473500
PrefabInstance:
  m_ObjectHideFlags: 0
  serializedVersion: 2
  m_Modification:
    serializedVersion: 3
    m_TransformParent: {fileID: 0}
    m_Modifications:
    - target: {fileID: 4468054613164541045, guid: 5276304f0ba5d034a88ef07b2ba14673, type: 3}
      propertyPath: m_Name
      value: Stat Text
      objectReference: {fileID: 0}
    - target: {fileID: 4468054613164541046, guid: 5276304f0ba5d034a88ef07b2ba14673, type: 3}
      propertyPath: m_Pivot.x
      value: 0.5
      objectReference: {fileID: 0}
    - target: {fileID: 4468054613164541046, guid: 5276304f0ba5d034a88ef07b2ba14673, type: 3}
      propertyPath: m_Pivot.y
      value: 0.5
      objectReference: {fileID: 0}
    - target: {fileID: 4468054613164541046, guid: 5276304f0ba5d034a88ef07b2ba14673, type: 3}
      propertyPath: m_AnchorMax.x
      value: 0
      objectReference: {fileID: 0}
    - target: {fileID: 4468054613164541046, guid: 5276304f0ba5d034a88ef07b2ba14673, type: 3}
      propertyPath: m_AnchorMax.y
      value: 1
      objectReference: {fileID: 0}
    - target: {fileID: 4468054613164541046, guid: 5276304f0ba5d034a88ef07b2ba14673, type: 3}
      propertyPath: m_AnchorMin.x
      value: 0
      objectReference: {fileID: 0}
    - target: {fileID: 4468054613164541046, guid: 5276304f0ba5d034a88ef07b2ba14673, type: 3}
      propertyPath: m_AnchorMin.y
      value: 1
      objectReference: {fileID: 0}
    - target: {fileID: 4468054613164541046, guid: 5276304f0ba5d034a88ef07b2ba14673, type: 3}
      propertyPath: m_SizeDelta.x
      value: 255
      objectReference: {fileID: 0}
    - target: {fileID: 4468054613164541046, guid: 5276304f0ba5d034a88ef07b2ba14673, type: 3}
      propertyPath: m_SizeDelta.y
      value: 32.941177
      objectReference: {fileID: 0}
    - target: {fileID: 4468054613164541046, guid: 5276304f0ba5d034a88ef07b2ba14673, type: 3}
      propertyPath: m_LocalPosition.x
      value: 0
      objectReference: {fileID: 0}
    - target: {fileID: 4468054613164541046, guid: 5276304f0ba5d034a88ef07b2ba14673, type: 3}
      propertyPath: m_LocalPosition.y
      value: 0
      objectReference: {fileID: 0}
    - target: {fileID: 4468054613164541046, guid: 5276304f0ba5d034a88ef07b2ba14673, type: 3}
      propertyPath: m_LocalPosition.z
      value: 0
      objectReference: {fileID: 0}
    - target: {fileID: 4468054613164541046, guid: 5276304f0ba5d034a88ef07b2ba14673, type: 3}
      propertyPath: m_LocalRotation.w
      value: 1
      objectReference: {fileID: 0}
    - target: {fileID: 4468054613164541046, guid: 5276304f0ba5d034a88ef07b2ba14673, type: 3}
      propertyPath: m_LocalRotation.x
      value: -0
      objectReference: {fileID: 0}
    - target: {fileID: 4468054613164541046, guid: 5276304f0ba5d034a88ef07b2ba14673, type: 3}
      propertyPath: m_LocalRotation.y
      value: -0
      objectReference: {fileID: 0}
    - target: {fileID: 4468054613164541046, guid: 5276304f0ba5d034a88ef07b2ba14673, type: 3}
      propertyPath: m_LocalRotation.z
      value: -0
      objectReference: {fileID: 0}
    - target: {fileID: 4468054613164541046, guid: 5276304f0ba5d034a88ef07b2ba14673, type: 3}
      propertyPath: m_AnchoredPosition.x
      value: 127.5
      objectReference: {fileID: 0}
    - target: {fileID: 4468054613164541046, guid: 5276304f0ba5d034a88ef07b2ba14673, type: 3}
      propertyPath: m_AnchoredPosition.y
      value: -16.470581
      objectReference: {fileID: 0}
    - target: {fileID: 4468054613164541046, guid: 5276304f0ba5d034a88ef07b2ba14673, type: 3}
      propertyPath: m_LocalEulerAnglesHint.x
      value: 0
      objectReference: {fileID: 0}
    - target: {fileID: 4468054613164541046, guid: 5276304f0ba5d034a88ef07b2ba14673, type: 3}
      propertyPath: m_LocalEulerAnglesHint.y
      value: 0
      objectReference: {fileID: 0}
    - target: {fileID: 4468054613164541046, guid: 5276304f0ba5d034a88ef07b2ba14673, type: 3}
      propertyPath: m_LocalEulerAnglesHint.z
      value: 0
      objectReference: {fileID: 0}
    - target: {fileID: 4468054613164541047, guid: 5276304f0ba5d034a88ef07b2ba14673, type: 3}
      propertyPath: forceOneLine
      value: 1
      objectReference: {fileID: 0}
    - target: {fileID: 5326182496624764536, guid: 5276304f0ba5d034a88ef07b2ba14673, type: 3}
      propertyPath: m_SortingLayer
      value: 2
      objectReference: {fileID: 0}
    m_RemovedComponents:
    - {fileID: 4468054613164541047, guid: 5276304f0ba5d034a88ef07b2ba14673, type: 3}
    m_RemovedGameObjects: []
    m_AddedGameObjects:
    - targetCorrespondingSourceObject: {fileID: 4468054613164541046, guid: 5276304f0ba5d034a88ef07b2ba14673, type: 3}
      insertIndex: -1
      addedObject: {fileID: 8730423439859367595}
    - targetCorrespondingSourceObject: {fileID: 4468054613164541046, guid: 5276304f0ba5d034a88ef07b2ba14673, type: 3}
      insertIndex: -1
      addedObject: {fileID: 3352725364879591570}
    m_AddedComponents:
    - targetCorrespondingSourceObject: {fileID: 4468054613164541045, guid: 5276304f0ba5d034a88ef07b2ba14673, type: 3}
      insertIndex: -1
      addedObject: {fileID: 1839674066351775876}
    - targetCorrespondingSourceObject: {fileID: 4468054613164541045, guid: 5276304f0ba5d034a88ef07b2ba14673, type: 3}
      insertIndex: -1
      addedObject: {fileID: 7711265376633459120}
    - targetCorrespondingSourceObject: {fileID: 4468054613164541045, guid: 5276304f0ba5d034a88ef07b2ba14673, type: 3}
      insertIndex: -1
      addedObject: {fileID: -3613503435199196592}
    - targetCorrespondingSourceObject: {fileID: 4468054613164541045, guid: 5276304f0ba5d034a88ef07b2ba14673, type: 3}
      insertIndex: -1
      addedObject: {fileID: 8998622363835693453}
    - targetCorrespondingSourceObject: {fileID: 4468054613164541045, guid: 5276304f0ba5d034a88ef07b2ba14673, type: 3}
      insertIndex: -1
      addedObject: {fileID: 6117444787736605352}
    - targetCorrespondingSourceObject: {fileID: 4468054613164541045, guid: 5276304f0ba5d034a88ef07b2ba14673, type: 3}
      insertIndex: -1
      addedObject: {fileID: 8337583123769392457}
    - targetCorrespondingSourceObject: {fileID: 4468054613164541045, guid: 5276304f0ba5d034a88ef07b2ba14673, type: 3}
      insertIndex: -1
      addedObject: {fileID: 1298934652286941782}
  m_SourcePrefab: {fileID: 100100000, guid: 5276304f0ba5d034a88ef07b2ba14673, type: 3}
--- !u!1 &7632541609778628713 stripped
GameObject:
  m_CorrespondingSourceObject: {fileID: 4468054613164541045, guid: 5276304f0ba5d034a88ef07b2ba14673, type: 3}
  m_PrefabInstance: {fileID: 6335874014074473500}
  m_PrefabAsset: {fileID: 0}
--- !u!114 &1839674066351775876
MonoBehaviour:
  m_ObjectHideFlags: 0
  m_CorrespondingSourceObject: {fileID: 0}
  m_PrefabInstance: {fileID: 0}
  m_PrefabAsset: {fileID: 0}
  m_GameObject: {fileID: 7632541609778628713}
  m_Enabled: 1
  m_EditorHideFlags: 0
  m_Script: {fileID: 11500000, guid: 31afb69445cf26042a45199be252f711, type: 3}
  m_Name: 
  m_EditorClassIdentifier: 
  canvasRectTrs: {fileID: 0}
  text: {fileID: 391368878584163641}
  showDelay: 0
--- !u!114 &7711265376633459120
MonoBehaviour:
  m_ObjectHideFlags: 0
  m_CorrespondingSourceObject: {fileID: 0}
  m_PrefabInstance: {fileID: 0}
  m_PrefabAsset: {fileID: 0}
  m_GameObject: {fileID: 7632541609778628713}
  m_Enabled: 1
  m_EditorHideFlags: 0
  m_Script: {fileID: 11500000, guid: d0b148fe25e99eb48b9724523833bab1, type: 3}
  m_Name: 
  m_EditorClassIdentifier: 
  m_Delegates:
  - eventID: 0
    callback:
      m_PersistentCalls:
        m_Calls:
        - m_Target: {fileID: 1839674066351775876}
          m_TargetAssemblyTypeName: FightRoom.Tooltip, Assembly-CSharp-firstpass
          m_MethodName: ShowWithDelay
          m_Mode: 1
          m_Arguments:
            m_ObjectArgument: {fileID: 0}
            m_ObjectArgumentAssemblyTypeName: UnityEngine.Object, UnityEngine
            m_IntArgument: 0
            m_FloatArgument: 0
            m_StringArgument: 
            m_BoolArgument: 0
          m_CallState: 2
  - eventID: 1
    callback:
      m_PersistentCalls:
        m_Calls:
        - m_Target: {fileID: 5457727033490527014}
          m_TargetAssemblyTypeName: UnityEngine.GameObject, UnityEngine
          m_MethodName: SetActive
          m_Mode: 6
          m_Arguments:
            m_ObjectArgument: {fileID: 0}
            m_ObjectArgumentAssemblyTypeName: UnityEngine.Object, UnityEngine
            m_IntArgument: 0
            m_FloatArgument: 0
            m_StringArgument: 
            m_BoolArgument: 0
          m_CallState: 2
--- !u!222 &-3613503435199196592
CanvasRenderer:
  m_ObjectHideFlags: 0
  m_CorrespondingSourceObject: {fileID: 0}
  m_PrefabInstance: {fileID: 0}
  m_PrefabAsset: {fileID: 0}
  m_GameObject: {fileID: 7632541609778628713}
  m_CullTransparentMesh: 1
--- !u!114 &8998622363835693453
MonoBehaviour:
  m_ObjectHideFlags: 0
  m_CorrespondingSourceObject: {fileID: 0}
  m_PrefabInstance: {fileID: 0}
  m_PrefabAsset: {fileID: 0}
  m_GameObject: {fileID: 7632541609778628713}
  m_Enabled: 1
  m_EditorHideFlags: 0
  m_Script: {fileID: 11500000, guid: 5f7201a12d95ffc409449d95f23cf332, type: 3}
  m_Name: 
  m_EditorClassIdentifier: 
  m_Material: {fileID: 0}
  m_Color: {r: 1, g: 1, b: 1, a: 1}
  m_RaycastTarget: 1
  m_RaycastPadding: {x: 0, y: 0, z: 0, w: 0}
  m_Maskable: 0
  m_OnCullStateChanged:
    m_PersistentCalls:
      m_Calls: []
  m_FontData:
    m_Font: {fileID: 12800000, guid: 097dcaee7b3687d40a665f59c8a94e32, type: 3}
    m_FontSize: 14
    m_FontStyle: 0
    m_BestFit: 1
    m_MinSize: 0
    m_MaxSize: 300
    m_Alignment: 3
    m_AlignByGeometry: 0
    m_RichText: 1
    m_HorizontalOverflow: 0
    m_VerticalOverflow: 0
    m_LineSpacing: 1
  m_Text: 
--- !u!114 &6117444787736605352
MonoBehaviour:
  m_ObjectHideFlags: 0
  m_CorrespondingSourceObject: {fileID: 0}
  m_PrefabInstance: {fileID: 0}
  m_PrefabAsset: {fileID: 0}
  m_GameObject: {fileID: 7632541609778628713}
  m_Enabled: 0
  m_EditorHideFlags: 0
  m_Script: {fileID: 11500000, guid: 7a98125502f715b4b83cfb77b434e436, type: 3}
  m_Name: 
  m_EditorClassIdentifier: 
  m_Navigation:
    m_Mode: 3
    m_WrapAround: 0
    m_SelectOnUp: {fileID: 0}
    m_SelectOnDown: {fileID: 0}
    m_SelectOnLeft: {fileID: 0}
    m_SelectOnRight: {fileID: 0}
  m_Transition: 0
  m_Colors:
    m_NormalColor: {r: 1, g: 1, b: 1, a: 1}
    m_HighlightedColor: {r: 0.78431374, g: 0.78431374, b: 0.78431374, a: 1}
    m_PressedColor: {r: 0.5882353, g: 0.5882353, b: 0.5882353, a: 1}
    m_SelectedColor: {r: 0.78431374, g: 0.78431374, b: 0.78431374, a: 1}
    m_DisabledColor: {r: 0.5019608, g: 0.5019608, b: 0.5019608, a: 0.5019608}
    m_ColorMultiplier: 1
    m_FadeDuration: 0.1
  m_SpriteState:
    m_HighlightedSprite: {fileID: 0}
    m_PressedSprite: {fileID: 0}
    m_SelectedSprite: {fileID: 0}
    m_DisabledSprite: {fileID: 0}
  m_AnimationTriggers:
    m_NormalTrigger: Normal
    m_HighlightedTrigger: Highlighted
    m_PressedTrigger: Pressed
    m_SelectedTrigger: Selected
    m_DisabledTrigger: Disabled
  m_Interactable: 1
  m_TargetGraphic: {fileID: 8998622363835693453}
--- !u!114 &8337583123769392457
MonoBehaviour:
  m_ObjectHideFlags: 0
  m_CorrespondingSourceObject: {fileID: 0}
  m_PrefabInstance: {fileID: 0}
  m_PrefabAsset: {fileID: 0}
  m_GameObject: {fileID: 7632541609778628713}
  m_Enabled: 1
  m_EditorHideFlags: 0
  m_Script: {fileID: 11500000, guid: 61bd29cb2fe2a25499caadb1641ccc15, type: 3}
  m_Name: 
  m_EditorClassIdentifier: 
  text: {fileID: 8998622363835693453}
  tooltipText: {fileID: 391368878584163641}
  childStatIndicator: {fileID: 2956384201223547476}
--- !u!114 &1298934652286941782
MonoBehaviour:
  m_ObjectHideFlags: 0
  m_CorrespondingSourceObject: {fileID: 0}
  m_PrefabInstance: {fileID: 0}
  m_PrefabAsset: {fileID: 0}
  m_GameObject: {fileID: 7632541609778628713}
  m_Enabled: 1
  m_EditorHideFlags: 0
  m_Script: {fileID: 11500000, guid: 306cc8c2b49d7114eaa3623786fc2126, type: 3}
  m_Name: 
  m_EditorClassIdentifier: 
  m_IgnoreLayout: 0
  m_MinWidth: -1
  m_MinHeight: -1
  m_PreferredWidth: -1
  m_PreferredHeight: 180
  m_FlexibleWidth: -1
  m_FlexibleHeight: -1
  m_LayoutPriority: 1
--- !u!224 &7632541609778628714 stripped
RectTransform:
  m_CorrespondingSourceObject: {fileID: 4468054613164541046, guid: 5276304f0ba5d034a88ef07b2ba14673, type: 3}
  m_PrefabInstance: {fileID: 6335874014074473500}
  m_PrefabAsset: {fileID: 0}
