%YAML 1.1
%TAG !u! tag:unity3d.com,2011:
--- !u!1 &2408967544714566830
GameObject:
  m_ObjectHideFlags: 0
  m_CorrespondingSourceObject: {fileID: 0}
  m_PrefabInstance: {fileID: 0}
  m_PrefabAsset: {fileID: 0}
  serializedVersion: 6
  m_Component:
  - component: {fileID: 2564142690817297844}
  - component: {fileID: 2304566772022380516}
  - component: {fileID: 9207315134817882065}
  - component: {fileID: -2799590043268662047}
  m_Layer: 11
  m_Name: Explosion 3
  m_TagString: Untagged
  m_Icon: {fileID: 0}
  m_NavMeshLayer: 0
  m_StaticEditorFlags: 0
  m_IsActive: 1
--- !u!4 &2564142690817297844
Transform:
  m_ObjectHideFlags: 0
  m_CorrespondingSourceObject: {fileID: 0}
  m_PrefabInstance: {fileID: 0}
  m_PrefabAsset: {fileID: 0}
  m_GameObject: {fileID: 2408967544714566830}
  serializedVersion: 2
  m_LocalRotation: {x: 0, y: 0, z: 0, w: 1}
  m_LocalPosition: {x: 0, y: 0, z: 0}
  m_LocalScale: {x: 8, y: 8, z: 1}
  m_ConstrainProportionsScale: 0
  m_Children:
  - {fileID: 7172451683611273146}
  m_Father: {fileID: 0}
  m_LocalEulerAnglesHint: {x: 0, y: 0, z: 0}
--- !u!114 &2304566772022380516
MonoBehaviour:
  m_ObjectHideFlags: 0
  m_CorrespondingSourceObject: {fileID: 0}
  m_PrefabInstance: {fileID: 0}
  m_PrefabAsset: {fileID: 0}
  m_GameObject: {fileID: 2408967544714566830}
  m_Enabled: 1
  m_EditorHideFlags: 0
  m_Script: {fileID: 11500000, guid: 5764af94f1893454da410f7a0629bd9c, type: 3}
  m_Name: 
  m_EditorClassIdentifier: 
  trs: {fileID: 2564142690817297844}
  prefabIndex: 17
  damage: 1
  spriteRenderer: {fileID: 0}
  radius: 4
  animator: {fileID: 9207315134817882065}
  maxHits: 2147483647
  whatIDamage:
    serializedVersion: 2
    m_Bits: 192
  circleCollider: {fileID: 7172451684491464272}
--- !u!95 &9207315134817882065
Animator:
  serializedVersion: 7
  m_ObjectHideFlags: 0
  m_CorrespondingSourceObject: {fileID: 0}
  m_PrefabInstance: {fileID: 0}
  m_PrefabAsset: {fileID: 0}
  m_GameObject: {fileID: 2408967544714566830}
  m_Enabled: 1
  m_Avatar: {fileID: 0}
  m_Controller: {fileID: 9100000, guid: 7beb7d8153ee13646b3d4d030678de27, type: 2}
  m_CullingMode: 0
  m_UpdateMode: 0
  m_ApplyRootMotion: 0
  m_LinearVelocityBlending: 0
  m_StabilizeFeet: 0
  m_AnimatePhysics: 0
  m_WarningMessage: 
  m_HasTransformHierarchy: 1
  m_AllowConstantClipSamplingOptimization: 1
  m_KeepAnimatorStateOnDisable: 0
  m_WriteDefaultValuesOnDisable: 0
--- !u!114 &-2799590043268662047
MonoBehaviour:
  m_ObjectHideFlags: 0
  m_CorrespondingSourceObject: {fileID: 0}
  m_PrefabInstance: {fileID: 0}
  m_PrefabAsset: {fileID: 0}
  m_GameObject: {fileID: 2408967544714566830}
  m_Enabled: 1
  m_EditorHideFlags: 0
  m_Script: {fileID: 11500000, guid: a148605ea5f218d44b2f204a986b0804, type: 3}
  m_Name: 
  m_EditorClassIdentifier: 
  animator: {fileID: 9207315134817882065}
--- !u!1001 &2488116848321304610
PrefabInstance:
  m_ObjectHideFlags: 0
  serializedVersion: 2
  m_Modification:
    serializedVersion: 3
    m_TransformParent: {fileID: 2564142690817297844}
    m_Modifications:
    - target: {fileID: 4687750065352021618, guid: cd7cd292dd26b7f4bb3e10885c86a037, type: 3}
      propertyPath: m_Radius
      value: 0.5
      objectReference: {fileID: 0}
    - target: {fileID: 4687750065352021621, guid: cd7cd292dd26b7f4bb3e10885c86a037, type: 3}
      propertyPath: m_Sprite
      value: 
      objectReference: {fileID: 21300000, guid: 9ab332b7a90cc104ea436deb3be18ef8, type: 3}
    - target: {fileID: 4687750065352021621, guid: cd7cd292dd26b7f4bb3e10885c86a037, type: 3}
      propertyPath: m_Color.b
      value: 0.5019608
      objectReference: {fileID: 0}
    - target: {fileID: 4687750065352021621, guid: cd7cd292dd26b7f4bb3e10885c86a037, type: 3}
      propertyPath: m_Color.g
      value: 0.5019608
      objectReference: {fileID: 0}
    - target: {fileID: 4687750065352021621, guid: cd7cd292dd26b7f4bb3e10885c86a037, type: 3}
      propertyPath: m_Color.r
      value: 0.5019608
      objectReference: {fileID: 0}
    - target: {fileID: 4687750066769133462, guid: cd7cd292dd26b7f4bb3e10885c86a037, type: 3}
      propertyPath: m_Name
      value: Enemy Poison Bullet 1
      objectReference: {fileID: 0}
    - target: {fileID: 4687750066769133464, guid: cd7cd292dd26b7f4bb3e10885c86a037, type: 3}
      propertyPath: m_RootOrder
      value: 0
      objectReference: {fileID: 0}
    - target: {fileID: 4687750066769133464, guid: cd7cd292dd26b7f4bb3e10885c86a037, type: 3}
      propertyPath: m_LocalScale.x
      value: 1
      objectReference: {fileID: 0}
    - target: {fileID: 4687750066769133464, guid: cd7cd292dd26b7f4bb3e10885c86a037, type: 3}
      propertyPath: m_LocalScale.y
      value: 1
      objectReference: {fileID: 0}
    - target: {fileID: 4687750066769133464, guid: cd7cd292dd26b7f4bb3e10885c86a037, type: 3}
      propertyPath: m_LocalPosition.x
      value: 0
      objectReference: {fileID: 0}
    - target: {fileID: 4687750066769133464, guid: cd7cd292dd26b7f4bb3e10885c86a037, type: 3}
      propertyPath: m_LocalPosition.y
      value: 0
      objectReference: {fileID: 0}
    - target: {fileID: 4687750066769133464, guid: cd7cd292dd26b7f4bb3e10885c86a037, type: 3}
      propertyPath: m_LocalPosition.z
      value: 0
      objectReference: {fileID: 0}
    - target: {fileID: 4687750066769133464, guid: cd7cd292dd26b7f4bb3e10885c86a037, type: 3}
      propertyPath: m_LocalRotation.w
      value: 1
      objectReference: {fileID: 0}
    - target: {fileID: 4687750066769133464, guid: cd7cd292dd26b7f4bb3e10885c86a037, type: 3}
      propertyPath: m_LocalRotation.x
      value: 0
      objectReference: {fileID: 0}
    - target: {fileID: 4687750066769133464, guid: cd7cd292dd26b7f4bb3e10885c86a037, type: 3}
      propertyPath: m_LocalRotation.y
      value: 0
      objectReference: {fileID: 0}
    - target: {fileID: 4687750066769133464, guid: cd7cd292dd26b7f4bb3e10885c86a037, type: 3}
      propertyPath: m_LocalRotation.z
      value: 0
      objectReference: {fileID: 0}
    - target: {fileID: 4687750066769133464, guid: cd7cd292dd26b7f4bb3e10885c86a037, type: 3}
      propertyPath: m_LocalEulerAnglesHint.x
      value: 0
      objectReference: {fileID: 0}
    - target: {fileID: 4687750066769133464, guid: cd7cd292dd26b7f4bb3e10885c86a037, type: 3}
      propertyPath: m_LocalEulerAnglesHint.y
      value: 0
      objectReference: {fileID: 0}
    - target: {fileID: 4687750066769133464, guid: cd7cd292dd26b7f4bb3e10885c86a037, type: 3}
      propertyPath: m_LocalEulerAnglesHint.z
      value: 0
      objectReference: {fileID: 0}
    - target: {fileID: 4687750066769133467, guid: cd7cd292dd26b7f4bb3e10885c86a037, type: 3}
      propertyPath: m_BodyType
      value: 1
      objectReference: {fileID: 0}
    - target: {fileID: 6772996469215752261, guid: cd7cd292dd26b7f4bb3e10885c86a037, type: 3}
      propertyPath: m_Enabled
      value: 0
      objectReference: {fileID: 0}
    m_RemovedComponents: []
    m_RemovedGameObjects: []
    m_AddedGameObjects: []
    m_AddedComponents:
    - targetCorrespondingSourceObject: {fileID: 4687750065352021616, guid: cd7cd292dd26b7f4bb3e10885c86a037, type: 3}
      insertIndex: -1
      addedObject: {fileID: 2000536778301075268}
  m_SourcePrefab: {fileID: 100100000, guid: cd7cd292dd26b7f4bb3e10885c86a037, type: 3}
--- !u!4 &7172451683611273146 stripped
Transform:
  m_CorrespondingSourceObject: {fileID: 4687750066769133464, guid: cd7cd292dd26b7f4bb3e10885c86a037, type: 3}
  m_PrefabInstance: {fileID: 2488116848321304610}
  m_PrefabAsset: {fileID: 0}
--- !u!58 &7172451684491464272 stripped
CircleCollider2D:
  m_CorrespondingSourceObject: {fileID: 4687750065352021618, guid: cd7cd292dd26b7f4bb3e10885c86a037, type: 3}
  m_PrefabInstance: {fileID: 2488116848321304610}
  m_PrefabAsset: {fileID: 0}
--- !u!1 &7172451684491464274 stripped
GameObject:
  m_CorrespondingSourceObject: {fileID: 4687750065352021616, guid: cd7cd292dd26b7f4bb3e10885c86a037, type: 3}
  m_PrefabInstance: {fileID: 2488116848321304610}
  m_PrefabAsset: {fileID: 0}
--- !u!331 &2000536778301075268
SpriteMask:
  m_ObjectHideFlags: 0
  m_CorrespondingSourceObject: {fileID: 0}
  m_PrefabInstance: {fileID: 0}
  m_PrefabAsset: {fileID: 0}
  m_GameObject: {fileID: 7172451684491464274}
  m_Enabled: 1
  m_CastShadows: 1
  m_ReceiveShadows: 1
  m_DynamicOccludee: 1
  m_StaticShadowCaster: 0
  m_MotionVectors: 1
  m_LightProbeUsage: 1
  m_ReflectionProbeUsage: 1
  m_RayTracingMode: 0
  m_RayTraceProcedural: 0
  m_RayTracingAccelStructBuildFlagsOverride: 0
  m_RayTracingAccelStructBuildFlags: 1
  m_RenderingLayerMask: 1
  m_RendererPriority: 0
  m_Materials:
  - {fileID: 2100000, guid: 15d0c3709176029428a0da2f8cecf0b5, type: 2}
  m_StaticBatchInfo:
    firstSubMesh: 0
    subMeshCount: 0
  m_StaticBatchRoot: {fileID: 0}
  m_ProbeAnchor: {fileID: 0}
  m_LightProbeVolumeOverride: {fileID: 0}
  m_ScaleInLightmap: 1
  m_ReceiveGI: 1
  m_PreserveUVs: 0
  m_IgnoreNormalsForChartDetection: 0
  m_ImportantGI: 0
  m_StitchLightmapSeams: 1
  m_SelectedEditorRenderState: 3
  m_MinimumChartSize: 4
  m_AutoUVMaxDistance: 0.5
  m_AutoUVMaxAngle: 89
  m_LightmapParameters: {fileID: 0}
  m_SortingLayerID: 0
  m_SortingLayer: 0
  m_SortingOrder: 0
  m_Sprite: {fileID: -2413806693520163455, guid: ebe73ca9363db456bacf42c025bb4847, type: 3}
  m_MaskAlphaCutoff: 0.2
  m_FrontSortingLayerID: 0
  m_BackSortingLayerID: 0
  m_FrontSortingLayer: 0
  m_BackSortingLayer: 0
  m_FrontSortingOrder: 0
  m_BackSortingOrder: 0
  m_IsCustomRangeActive: 0
  m_SpriteSortPoint: 0
  m_MaskSource: 0
