%YAML 1.1
%TAG !u! tag:unity3d.com,2011:
--- !u!1 &1277622628649648840
GameObject:
  m_ObjectHideFlags: 0
  m_CorrespondingSourceObject: {fileID: 0}
  m_PrefabInstance: {fileID: 0}
  m_PrefabAsset: {fileID: 0}
  serializedVersion: 6
  m_Component:
  - component: {fileID: 7847997700832190733}
  - component: {fileID: 6766086272817414507}
  m_Layer: 0
  m_Name: Spawn Object
  m_TagString: Untagged
  m_Icon: {fileID: 0}
  m_NavMeshLayer: 0
  m_StaticEditorFlags: 0
  m_IsActive: 1
--- !u!4 &7847997700832190733
Transform:
  m_ObjectHideFlags: 0
  m_CorrespondingSourceObject: {fileID: 0}
  m_PrefabInstance: {fileID: 0}
  m_PrefabAsset: {fileID: 0}
  m_GameObject: {fileID: 1277622628649648840}
  serializedVersion: 2
  m_LocalRotation: {x: -0, y: -0, z: -0, w: 1}
  m_LocalPosition: {x: 0, y: 0, z: 0}
  m_LocalScale: {x: 1, y: 1, z: 1}
  m_ConstrainProportionsScale: 0
  m_Children: []
  m_Father: {fileID: 3772811437629562709}
  m_LocalEulerAnglesHint: {x: 0, y: 0, z: 0}
--- !u!114 &6766086272817414507
MonoBehaviour:
  m_ObjectHideFlags: 0
  m_CorrespondingSourceObject: {fileID: 0}
  m_PrefabInstance: {fileID: 0}
  m_PrefabAsset: {fileID: 0}
  m_GameObject: {fileID: 1277622628649648840}
  m_Enabled: 1
  m_EditorHideFlags: 0
  m_Script: {fileID: 11500000, guid: 8fde1f774425e0f429146d3eeb2a3061, type: 3}
  m_Name: 
  m_EditorClassIdentifier: 
  description: 
  value: 0
  trs: {fileID: 7847997700832190733}
  maxCount: 0
  combinedWith: []
  prefab: {fileID: 6798888969366436838, guid: 4fdff2d06f4e56e4481532107e6cf412, type: 3}
--- !u!1001 &199957164680523765
PrefabInstance:
  m_ObjectHideFlags: 0
  serializedVersion: 2
  m_Modification:
    serializedVersion: 3
    m_TransformParent: {fileID: 0}
    m_Modifications:
    - target: {fileID: 3935543508452208800, guid: 850fd3f366bb75a43b29250b7ff3dea8, type: 3}
      propertyPath: m_RootOrder
      value: 0
      objectReference: {fileID: 0}
    - target: {fileID: 3935543508452208800, guid: 850fd3f366bb75a43b29250b7ff3dea8, type: 3}
      propertyPath: m_LocalPosition.x
      value: 0
      objectReference: {fileID: 0}
    - target: {fileID: 3935543508452208800, guid: 850fd3f366bb75a43b29250b7ff3dea8, type: 3}
      propertyPath: m_LocalPosition.y
      value: 0
      objectReference: {fileID: 0}
    - target: {fileID: 3935543508452208800, guid: 850fd3f366bb75a43b29250b7ff3dea8, type: 3}
      propertyPath: m_LocalPosition.z
      value: 0
      objectReference: {fileID: 0}
    - target: {fileID: 3935543508452208800, guid: 850fd3f366bb75a43b29250b7ff3dea8, type: 3}
      propertyPath: m_LocalRotation.w
      value: 1
      objectReference: {fileID: 0}
    - target: {fileID: 3935543508452208800, guid: 850fd3f366bb75a43b29250b7ff3dea8, type: 3}
      propertyPath: m_LocalRotation.x
      value: 0
      objectReference: {fileID: 0}
    - target: {fileID: 3935543508452208800, guid: 850fd3f366bb75a43b29250b7ff3dea8, type: 3}
      propertyPath: m_LocalRotation.y
      value: 0
      objectReference: {fileID: 0}
    - target: {fileID: 3935543508452208800, guid: 850fd3f366bb75a43b29250b7ff3dea8, type: 3}
      propertyPath: m_LocalRotation.z
      value: 0
      objectReference: {fileID: 0}
    - target: {fileID: 3935543508452208800, guid: 850fd3f366bb75a43b29250b7ff3dea8, type: 3}
      propertyPath: m_LocalEulerAnglesHint.x
      value: 0
      objectReference: {fileID: 0}
    - target: {fileID: 3935543508452208800, guid: 850fd3f366bb75a43b29250b7ff3dea8, type: 3}
      propertyPath: m_LocalEulerAnglesHint.y
      value: 0
      objectReference: {fileID: 0}
    - target: {fileID: 3935543508452208800, guid: 850fd3f366bb75a43b29250b7ff3dea8, type: 3}
      propertyPath: m_LocalEulerAnglesHint.z
      value: 0
      objectReference: {fileID: 0}
    - target: {fileID: 3935543508452208802, guid: 850fd3f366bb75a43b29250b7ff3dea8, type: 3}
      propertyPath: m_Name
      value: Cloaked Explosive
      objectReference: {fileID: 0}
    - target: {fileID: 3935543508452208803, guid: 850fd3f366bb75a43b29250b7ff3dea8, type: 3}
      propertyPath: combinedWith.Array.size
      value: 4
      objectReference: {fileID: 0}
    m_RemovedComponents:
    - {fileID: 3935543508452208803, guid: 850fd3f366bb75a43b29250b7ff3dea8, type: 3}
    m_RemovedGameObjects: []
    m_AddedGameObjects:
    - targetCorrespondingSourceObject: {fileID: 3935543508452208800, guid: 850fd3f366bb75a43b29250b7ff3dea8, type: 3}
      insertIndex: -1
      addedObject: {fileID: 7847997700832190733}
    m_AddedComponents:
    - targetCorrespondingSourceObject: {fileID: 3935543508452208802, guid: 850fd3f366bb75a43b29250b7ff3dea8, type: 3}
      insertIndex: -1
      addedObject: {fileID: 5863118409027132474}
  m_SourcePrefab: {fileID: 100100000, guid: 850fd3f366bb75a43b29250b7ff3dea8, type: 3}
--- !u!4 &3772811437629562709 stripped
Transform:
  m_CorrespondingSourceObject: {fileID: 3935543508452208800, guid: 850fd3f366bb75a43b29250b7ff3dea8, type: 3}
  m_PrefabInstance: {fileID: 199957164680523765}
  m_PrefabAsset: {fileID: 0}
--- !u!1 &3772811437629562711 stripped
GameObject:
  m_CorrespondingSourceObject: {fileID: 3935543508452208802, guid: 850fd3f366bb75a43b29250b7ff3dea8, type: 3}
  m_PrefabInstance: {fileID: 199957164680523765}
  m_PrefabAsset: {fileID: 0}
--- !u!114 &5863118409027132474
MonoBehaviour:
  m_ObjectHideFlags: 0
  m_CorrespondingSourceObject: {fileID: 0}
  m_PrefabInstance: {fileID: 0}
  m_PrefabAsset: {fileID: 0}
  m_GameObject: {fileID: 3772811437629562711}
  m_Enabled: 1
  m_EditorHideFlags: 0
  m_Script: {fileID: 11500000, guid: 2a27f2b9251fc74408190ce3a17a48fe, type: 3}
  m_Name: 
  m_EditorClassIdentifier: 
  description: Makes a bomb at your location every 5 seconds that enemies can't see
    and it explodes when an enemy or one of your projectiles hits it. The explosion
    does 2 damage.
  value: 35
  trs: {fileID: 3772811437629562709}
  maxCount: 0
  combinedWith:
  - {fileID: 6766086272817414507}
  makeBombInterval: 5
  spawnObject: {fileID: 6766086272817414507}
