%YAML 1.1
%TAG !u! tag:unity3d.com,2011:
--- !u!1 &3773412461042432110
GameObject:
  m_ObjectHideFlags: 0
  m_CorrespondingSourceObject: {fileID: 0}
  m_PrefabInstance: {fileID: 0}
  m_PrefabAsset: {fileID: 0}
  serializedVersion: 6
  m_Component:
  - component: {fileID: 542962162854020434}
  m_Layer: 7
  m_Name: Shoot Point
  m_TagString: Untagged
  m_Icon: {fileID: 0}
  m_NavMeshLayer: 0
  m_StaticEditorFlags: 0
  m_IsActive: 1
--- !u!4 &542962162854020434
Transform:
  m_ObjectHideFlags: 0
  m_CorrespondingSourceObject: {fileID: 0}
  m_PrefabInstance: {fileID: 0}
  m_PrefabAsset: {fileID: 0}
  m_GameObject: {fileID: 3773412461042432110}
  serializedVersion: 2
  m_LocalRotation: {x: -0, y: -0, z: -0, w: 1}
  m_LocalPosition: {x: 0, y: 0, z: 0}
  m_LocalScale: {x: 1, y: 1, z: 1}
  m_ConstrainProportionsScale: 0
  m_Children: []
  m_Father: {fileID: 602235795792294056}
  m_LocalEulerAnglesHint: {x: 0, y: 0, z: 0}
--- !u!1001 &8387995360510316656
PrefabInstance:
  m_ObjectHideFlags: 0
  serializedVersion: 2
  m_Modification:
    serializedVersion: 3
    m_TransformParent: {fileID: 0}
    m_Modifications:
    - target: {fileID: 725723200223432196, guid: cb310a222c4d3e34dbf6e40ffa0f2695, type: 3}
      propertyPath: m_LocalPosition.y
      value: 0
      objectReference: {fileID: 0}
    - target: {fileID: 950022664559037849, guid: cb310a222c4d3e34dbf6e40ffa0f2695, type: 3}
      propertyPath: m_Name
      value: Enemy 5 (Line With Delay)
      objectReference: {fileID: 0}
    - target: {fileID: 950022664559037851, guid: cb310a222c4d3e34dbf6e40ffa0f2695, type: 3}
      propertyPath: m_RootOrder
      value: 0
      objectReference: {fileID: 0}
    - target: {fileID: 950022664559037851, guid: cb310a222c4d3e34dbf6e40ffa0f2695, type: 3}
      propertyPath: m_LocalScale.x
      value: 3
      objectReference: {fileID: 0}
    - target: {fileID: 950022664559037851, guid: cb310a222c4d3e34dbf6e40ffa0f2695, type: 3}
      propertyPath: m_LocalScale.y
      value: 3
      objectReference: {fileID: 0}
    - target: {fileID: 950022664559037851, guid: cb310a222c4d3e34dbf6e40ffa0f2695, type: 3}
      propertyPath: m_LocalScale.z
      value: 3
      objectReference: {fileID: 0}
    - target: {fileID: 950022664559037851, guid: cb310a222c4d3e34dbf6e40ffa0f2695, type: 3}
      propertyPath: m_LocalPosition.x
      value: 0
      objectReference: {fileID: 0}
    - target: {fileID: 950022664559037851, guid: cb310a222c4d3e34dbf6e40ffa0f2695, type: 3}
      propertyPath: m_LocalPosition.y
      value: 0
      objectReference: {fileID: 0}
    - target: {fileID: 950022664559037851, guid: cb310a222c4d3e34dbf6e40ffa0f2695, type: 3}
      propertyPath: m_LocalPosition.z
      value: 0
      objectReference: {fileID: 0}
    - target: {fileID: 950022664559037851, guid: cb310a222c4d3e34dbf6e40ffa0f2695, type: 3}
      propertyPath: m_LocalRotation.w
      value: 1
      objectReference: {fileID: 0}
    - target: {fileID: 950022664559037851, guid: cb310a222c4d3e34dbf6e40ffa0f2695, type: 3}
      propertyPath: m_LocalRotation.x
      value: 0
      objectReference: {fileID: 0}
    - target: {fileID: 950022664559037851, guid: cb310a222c4d3e34dbf6e40ffa0f2695, type: 3}
      propertyPath: m_LocalRotation.y
      value: 0
      objectReference: {fileID: 0}
    - target: {fileID: 950022664559037851, guid: cb310a222c4d3e34dbf6e40ffa0f2695, type: 3}
      propertyPath: m_LocalRotation.z
      value: 0
      objectReference: {fileID: 0}
    - target: {fileID: 950022664559037851, guid: cb310a222c4d3e34dbf6e40ffa0f2695, type: 3}
      propertyPath: m_LocalEulerAnglesHint.x
      value: 0
      objectReference: {fileID: 0}
    - target: {fileID: 950022664559037851, guid: cb310a222c4d3e34dbf6e40ffa0f2695, type: 3}
      propertyPath: m_LocalEulerAnglesHint.y
      value: 0
      objectReference: {fileID: 0}
    - target: {fileID: 950022664559037851, guid: cb310a222c4d3e34dbf6e40ffa0f2695, type: 3}
      propertyPath: m_LocalEulerAnglesHint.z
      value: 0
      objectReference: {fileID: 0}
    - target: {fileID: 3446248903363742152, guid: cb310a222c4d3e34dbf6e40ffa0f2695, type: 3}
      propertyPath: 'm_Materials.Array.data[0]'
      value: 
      objectReference: {fileID: 2100000, guid: 04ed557f367994241b46bc9a189ccddc, type: 2}
    - target: {fileID: 3862299954389876521, guid: cb310a222c4d3e34dbf6e40ffa0f2695, type: 3}
      propertyPath: maxHp
      value: 2.4
      objectReference: {fileID: 0}
    - target: {fileID: 3862299954389876521, guid: cb310a222c4d3e34dbf6e40ffa0f2695, type: 3}
      propertyPath: radius
      value: 1.63878
      objectReference: {fileID: 0}
    - target: {fileID: 3862299954389876521, guid: cb310a222c4d3e34dbf6e40ffa0f2695, type: 3}
      propertyPath: collider
      value: 
      objectReference: {fileID: 3023048736368201190}
    - target: {fileID: 3862299954389876521, guid: cb310a222c4d3e34dbf6e40ffa0f2695, type: 3}
      propertyPath: moveSpeed
      value: 4
      objectReference: {fileID: 0}
    - target: {fileID: 3862299954389876521, guid: cb310a222c4d3e34dbf6e40ffa0f2695, type: 3}
      propertyPath: difficulty
      value: 1.25
      objectReference: {fileID: 0}
    - target: {fileID: 3862299954389876521, guid: cb310a222c4d3e34dbf6e40ffa0f2695, type: 3}
      propertyPath: prefabIndex
      value: 36
      objectReference: {fileID: 0}
    - target: {fileID: 3862299954389876521, guid: cb310a222c4d3e34dbf6e40ffa0f2695, type: 3}
      propertyPath: attackRadius
      value: 0.2
      objectReference: {fileID: 0}
    - target: {fileID: 3862299954389876521, guid: cb310a222c4d3e34dbf6e40ffa0f2695, type: 3}
      propertyPath: animatorSpeed
      value: 0.8
      objectReference: {fileID: 0}
    - target: {fileID: 3862299954389876521, guid: cb310a222c4d3e34dbf6e40ffa0f2695, type: 3}
      propertyPath: dodgeHazardDistance
      value: 9
      objectReference: {fileID: 0}
    - target: {fileID: 3862299954389876521, guid: cb310a222c4d3e34dbf6e40ffa0f2695, type: 3}
      propertyPath: distanceToReachPathPoint
      value: 0.5
      objectReference: {fileID: 0}
    - target: {fileID: 3862299954389876521, guid: cb310a222c4d3e34dbf6e40ffa0f2695, type: 3}
      propertyPath: targetRangeFromPlayer.max
      value: 9
      objectReference: {fileID: 0}
    - target: {fileID: 3862299954389876521, guid: cb310a222c4d3e34dbf6e40ffa0f2695, type: 3}
      propertyPath: targetRangeFromPlayer.min
      value: 9
      objectReference: {fileID: 0}
    - target: {fileID: 3862299954389876521, guid: cb310a222c4d3e34dbf6e40ffa0f2695, type: 3}
      propertyPath: dodgePlayerBulletsDistance
      value: 9
      objectReference: {fileID: 0}
    - target: {fileID: 3862299954389876521, guid: cb310a222c4d3e34dbf6e40ffa0f2695, type: 3}
      propertyPath: bulletPatternEntries.Array.size
      value: 1
      objectReference: {fileID: 0}
    - target: {fileID: 3862299954389876521, guid: cb310a222c4d3e34dbf6e40ffa0f2695, type: 3}
      propertyPath: bulletPatternEntries.Array.data[0].name
      value: Shoot Line
      objectReference: {fileID: 0}
    - target: {fileID: 3862299954389876521, guid: cb310a222c4d3e34dbf6e40ffa0f2695, type: 3}
      propertyPath: bulletPatternEntries.Array.data[0].spawner
      value: 
      objectReference: {fileID: 542962162854020434}
    - target: {fileID: 3862299954389876521, guid: cb310a222c4d3e34dbf6e40ffa0f2695, type: 3}
      propertyPath: bulletPatternEntries.Array.data[0].bulletPrefab
      value: 
      objectReference: {fileID: 5858488744564896765, guid: 96ef655e845100c409830bd4dc02336e, type: 3}
    - target: {fileID: 3862299954389876521, guid: cb310a222c4d3e34dbf6e40ffa0f2695, type: 3}
      propertyPath: bulletPatternEntries.Array.data[0].bulletPattern
      value: 
      objectReference: {fileID: 11400000, guid: 8c2db446b7be9614d9f449c77d652a95, type: 2}
    - target: {fileID: 3891362838556059494, guid: cb310a222c4d3e34dbf6e40ffa0f2695, type: 3}
      propertyPath: m_Size.x
      value: 0.841623
      objectReference: {fileID: 0}
    - target: {fileID: 3891362838556059494, guid: cb310a222c4d3e34dbf6e40ffa0f2695, type: 3}
      propertyPath: m_Sprite
      value: 
      objectReference: {fileID: 21300000, guid: a9c584aa0c8fba34aa4b3abade85ce64, type: 3}
    - target: {fileID: 3891362838556059494, guid: cb310a222c4d3e34dbf6e40ffa0f2695, type: 3}
      propertyPath: m_Color.b
      value: 0
      objectReference: {fileID: 0}
    - target: {fileID: 3891362838556059494, guid: cb310a222c4d3e34dbf6e40ffa0f2695, type: 3}
      propertyPath: m_Color.g
      value: 1
      objectReference: {fileID: 0}
    - target: {fileID: 3891362838556059494, guid: cb310a222c4d3e34dbf6e40ffa0f2695, type: 3}
      propertyPath: m_Color.r
      value: 1
      objectReference: {fileID: 0}
    - target: {fileID: 3891362838556059494, guid: cb310a222c4d3e34dbf6e40ffa0f2695, type: 3}
      propertyPath: m_WasSpriteAssigned
      value: 1
      objectReference: {fileID: 0}
    - target: {fileID: 3891362838556059494, guid: cb310a222c4d3e34dbf6e40ffa0f2695, type: 3}
      propertyPath: 'm_Materials.Array.data[0]'
      value: 
      objectReference: {fileID: 2100000, guid: 04ed557f367994241b46bc9a189ccddc, type: 2}
    - target: {fileID: 4405632586886622924, guid: cb310a222c4d3e34dbf6e40ffa0f2695, type: 3}
      propertyPath: radius
      value: 1.601794
      objectReference: {fileID: 0}
    - target: {fileID: 4405632586886622924, guid: cb310a222c4d3e34dbf6e40ffa0f2695, type: 3}
      propertyPath: magnitude
      value: 5.3393135
      objectReference: {fileID: 0}
    - target: {fileID: 5447096600956808574, guid: cb310a222c4d3e34dbf6e40ffa0f2695, type: 3}
      propertyPath: m_Mass
      value: 1
      objectReference: {fileID: 0}
    - target: {fileID: 6766696739131086523, guid: cb310a222c4d3e34dbf6e40ffa0f2695, type: 3}
      propertyPath: m_Controller
      value: 
      objectReference: {fileID: 9100000, guid: 03e31776e3bdbad469b5a9022daaacaa, type: 2}
    m_RemovedComponents:
    - {fileID: 4765917410810944458, guid: cb310a222c4d3e34dbf6e40ffa0f2695, type: 3}
    m_RemovedGameObjects: []
    m_AddedGameObjects:
    - targetCorrespondingSourceObject: {fileID: 8949698186275905752, guid: cb310a222c4d3e34dbf6e40ffa0f2695, type: 3}
      insertIndex: -1
      addedObject: {fileID: 542962162854020434}
    m_AddedComponents:
    - targetCorrespondingSourceObject: {fileID: 326541053056020309, guid: cb310a222c4d3e34dbf6e40ffa0f2695, type: 3}
      insertIndex: -1
      addedObject: {fileID: 3023048736368201190}
  m_SourcePrefab: {fileID: 100100000, guid: cb310a222c4d3e34dbf6e40ffa0f2695, type: 3}
--- !u!4 &602235795792294056 stripped
Transform:
  m_CorrespondingSourceObject: {fileID: 8949698186275905752, guid: cb310a222c4d3e34dbf6e40ffa0f2695, type: 3}
  m_PrefabInstance: {fileID: 8387995360510316656}
  m_PrefabAsset: {fileID: 0}
--- !u!1 &8133569153914896165 stripped
GameObject:
  m_CorrespondingSourceObject: {fileID: 326541053056020309, guid: cb310a222c4d3e34dbf6e40ffa0f2695, type: 3}
  m_PrefabInstance: {fileID: 8387995360510316656}
  m_PrefabAsset: {fileID: 0}
--- !u!61 &3023048736368201190
BoxCollider2D:
  m_ObjectHideFlags: 0
  m_CorrespondingSourceObject: {fileID: 0}
  m_PrefabInstance: {fileID: 0}
  m_PrefabAsset: {fileID: 0}
  m_GameObject: {fileID: 8133569153914896165}
  m_Enabled: 0
  serializedVersion: 3
  m_Density: 1
  m_Material: {fileID: 0}
  m_IncludeLayers:
    serializedVersion: 2
    m_Bits: 0
  m_ExcludeLayers:
    serializedVersion: 2
    m_Bits: 0
  m_LayerOverridePriority: 0
  m_ForceSendLayers:
    serializedVersion: 2
    m_Bits: 4294967295
  m_ForceReceiveLayers:
    serializedVersion: 2
    m_Bits: 4294967295
  m_ContactCaptureLayers:
    serializedVersion: 2
    m_Bits: 4294967295
  m_CallbackLayers:
    serializedVersion: 2
    m_Bits: 4294967295
  m_IsTrigger: 0
  m_UsedByEffector: 0
  m_CompositeOperation: 0
  m_CompositeOrder: 0
  m_Offset: {x: 0, y: 0}
  m_SpriteTilingProperty:
    border: {x: 0, y: 0, z: 0, w: 0}
    pivot: {x: 0, y: 0}
    oldSize: {x: 0, y: 0}
    newSize: {x: 0, y: 0}
    adaptiveTilingThreshold: 0
    drawMode: 0
    adaptiveTiling: 0
  m_AutoTiling: 0
  m_Size: {x: 0.44, y: 1}
  m_EdgeRadius: 0
